<?xml version="1.0" encoding="UTF-8"?><collection xmlns="http://www.loc.gov/MARC21/slim"><record><leader>00453nam--2200181-i-4500</leader><controlfield tag="001">000039432</controlfield><controlfield tag="002">20161230</controlfield><controlfield tag="005">20161230201042</controlfield><controlfield tag="008">060222s1000------------r-----000-0-fre-d</controlfield><datafield ind1=" " ind2=" " tag="040"><subfield code="a">IFIN-HH</subfield></datafield><datafield ind1=" " ind2=" " tag="041"><subfield code="a">fre</subfield></datafield><datafield ind1=" " ind2=" " tag="080"><subfield code="a">537/538(021)=4</subfield></datafield><datafield ind1="1" ind2=" " tag="100"><subfield code="a">Rocard, Y</subfield></datafield><datafield ind1="1" ind2="0" tag="245"><subfield code="a">Electricite</subfield><subfield code="b">Avec 588 fig</subfield><subfield code="c">Y. rocard</subfield></datafield><datafield ind1=" " ind2=" " tag="260"><subfield code="a">Paris</subfield><subfield code="b">Masson &amp; Cie, Editeurs</subfield><subfield code="c">1951</subfield></datafield><datafield ind1=" " ind2=" " tag="300"><subfield code="a">VI + 538P.+1F</subfield></datafield><datafield ind1=" " ind2=" " tag="852"><subfield code="a">1640</subfield><subfield code="c">537:538</subfield></datafield><datafield ind1=" " ind2=" " tag="CAT"><subfield code="a">Sys</subfield><subfield code="c">20110607</subfield><subfield code="h">133821</subfield></datafield></record></collection>